<record><leader>00000cas a2200000 a 4500</leader><controlfield tag="001">12564089</controlfield><controlfield tag="008">850917d187u187uiluwr ne      0    0eng c</controlfield><datafield ind1=" " ind2=" " tag="010"><subfield code="a">sn 85034206 </subfield></datafield><datafield ind1=" " ind2=" " tag="040"><subfield code="a">NPU</subfield><subfield code="b">eng</subfield><subfield code="c">NPU</subfield><subfield code="d">NVF</subfield><subfield code="d">OCLCQ</subfield><subfield code="d">NVF</subfield><subfield code="d">OCLCQ</subfield><subfield code="d">OCLCF</subfield><subfield code="d">OCLCO</subfield></datafield><datafield ind1="1" ind2=" " tag="029"><subfield code="a">AU@</subfield><subfield code="b">000024693073</subfield></datafield><datafield ind1=" " ind2=" " tag="042"><subfield code="a">pcc</subfield></datafield><datafield ind1=" " ind2=" " tag="043"><subfield code="a">n-us-il</subfield></datafield><datafield ind1="0" ind2=" " tag="130"><subfield code="a">Tuscola Saturday journal (Tuscola, Ill. : 1873)</subfield></datafield><datafield ind1="1" ind2="0" tag="245"><subfield code="a">Tuscola Saturday journal.</subfield></datafield><datafield ind1=" " ind2=" " tag="260"><subfield code="a">Tuscola, Ill. :</subfield><subfield code="b">A.S. Lindsay</subfield></datafield><datafield ind1=" " ind2=" " tag="300"><subfield code="a">v.</subfield></datafield><datafield ind1=" " ind2=" " tag="310"><subfield code="a">Weekly</subfield></datafield><datafield ind1=" " ind2=" " tag="588"><subfield code="a">Description based on: Vol. 9, no. 1 (Mar. 29, 1873).</subfield></datafield><datafield ind1=" " ind2="0" tag="651"><subfield code="a">Tuscola (Ill.)</subfield><subfield code="v">Newspapers.</subfield></datafield><datafield ind1=" " ind2="7" tag="655"><subfield code="a">Newspapers.</subfield><subfield code="2">fast</subfield><subfield code="0">(OCoLC)fst01423814</subfield></datafield><datafield ind1=" " ind2="7" tag="651"><subfield code="a">Illinois</subfield><subfield code="z">Tuscola.</subfield><subfield code="2">fast</subfield><subfield code="0">(OCoLC)fst01237047</subfield></datafield><datafield ind1=" " ind2=" " tag="752"><subfield code="a">United States</subfield><subfield code="b">Illinois</subfield><subfield code="c">Douglas</subfield><subfield code="d">Tuscola.</subfield></datafield><datafield ind1="0" ind2="0" tag="780"><subfield code="t">Tuscola journal (Tuscola, Ill. : 1868)</subfield><subfield code="w">(DLC)sn 90054947</subfield><subfield code="w">(OCoLC)21889699</subfield></datafield><datafield ind1="0" ind2="0" tag="785"><subfield code="t">Saturday journal (Tuscola, Ill.)</subfield><subfield code="w">(DLC)sn 90054948</subfield><subfield code="w">(OCoLC)21889882</subfield></datafield></record>